@article{ABN12,
  title={Geometrically corrected second order analysis of events on a linear network, with applications to ecology and criminology},
  author={Ang, Qi Wei and Baddeley, Adrian and Nair, Gopalan},
  journal={Scandinavian Journal of Statistics},
  volume={39},
  number={4},
  pages={591--617},
  year={2012},
  publisher={Wiley Online Library}
}

@book{guting05,
  title={Moving objects databases},
  author={G{\"u}ting, Ralf Hartmut and Schneider, Markus},
  year={2005},
  publisher={Elsevier}
}

@book{challa2011,
  title={Fundamentals of Object Tracking},
  author={Challa, Sudha and Morelande, M and Musicki, D and Evans, R},
  year={2011},
  publisher={Cambridge University Press}
}

@book{BRT15,
	title={Spatial Point Patterns: Methodology and Applications with R},
	author={Baddeley, Adrian and Rubak, Ege and Turner, Rolf},
	year={2015},
	publisher={CRC Press}
}

@article{D85,
	title={A kernel method for smoothing point process data},
	author={Diggle, Peter},
	journal={Applied Statistics},
	pages={138--147},
	year={1985},
	publisher={JSTOR}
}

@article{OSS09,
	title={A kernel density estimation method for networks, its computational method and a GIS-based tool},
	author={Okabe, Atsuyuki and Satoh, Toshiaki and Sugihara, Kokichi},
	journal={International Journal of Geographical Information Science},
	volume={23},
	number={1},
	pages={7--32},
	year={2009},
	publisher={Taylor \& Francis}
}

@book{OS12,
	title={Spatial Analysis along Networks: Statistical and Computational Methods},
	author={Okabe, Atsuyuki and Sugihara, Kokichi},
	year={2012},
	publisher={John Wiley \& Sons}
}

@book{CSKWM13,
	title={Stochastic Geometry and its Applications},
	author={Chiu, Sung Nok and Stoyan, Dietrich and Kendall, Wilfrid S and Mecke, Joseph},
	year={2013},
	publisher={John Wiley \& Sons}
}

@article{OY01,
  title={The {$K$}-function method on a network and its computational implementation},
  author={Okabe, Atsuyuki and Yamada, Ikuho},
  journal={Geographical Analysis},
  volume={33},
  number={3},
  pages={271--290},
  year={2001},
  publisher={Wiley Online Library}
}

@book{IPSS08,
  Title= {Statistical Analysis and Modelling of Spatial Point Patterns},
  Author= {Illian, J. and Penttinen, A. and Stoyan, H. and Stoyan, D.},
  Publisher= {John Wiley \& Sons},
  Year= {2008}
}


@incollection{B05,
	title={Network density estimation: analysis of point patterns over a network},
	author={Borruso, Giuseppe},
	booktitle={Computational Science and Its Applications--ICCSA 2005},
	pages={126--132},
	year={2005},
	publisher={Springer}
}

@article{B08,
	title={Network density estimation: a {GIS} approach for analysing point patterns in a network space},
	author={Borruso, Giuseppe},
	journal={Transactions in {GIS}},
	volume={12},
	number={3},
	pages={377--402},
	year={2008},
	publisher={Wiley Online Library}
}

@article{XZY08,
	title={Kernel density estimation of traffic accidents in a network space},
	author={Xie, Zhixiao and Yan, Jun},
	journal={Computers, Environment and Urban Systems},
	volume={32},
	number={5},
	pages={396--406},
	year={2008},
	publisher={Elsevier}
}

@article{SS09,
	title={Detection of hierarchical point agglomerations by the network-based variable clumping method},
	author={Shiode, S and Shiode, N},
	journal={International Journal of Geographical Information Science},
	volume={23},
	pages={75--92},
	year={2009}
}
@book{MW03,
	title={Statistical Inference and Simulation for Spatial Point Processes},
	author={M{\o}ller, Jesper and Waagepetersen, Rasmus Plenge},
	year={2003},
	publisher={CRC Press}
}

@article{BT00,
	title={Practical maximum pseudolikelihood for spatial point patterns},
	author={Baddeley, Adrian and Turner, Rolf},
	journal={Australian \& New Zealand Journal of Statistics},
	volume={42},
	number={3},
	pages={283--322},
	year={2000},
	publisher={Wiley Online Library}
}

@book{S86,
	title={Density Estimation for Statistics and Data Analysis},
	author={Silverman, Bernard W},
	volume={26},
	year={1986},
	city={London},
	publisher={CHAPMAN \& HALL/CRC press}
}

@article{E69,
	title={Non-parametric estimation of a multivariate probability density},
	author={Epanechnikov, Vassiliy A},
	journal={Theory of Probability \& Its Applications},
	volume={14},
	number={1},
	pages={153--158},
	year={1969},
	publisher={SIAM}
}

@book{F14,
	title={Geometric Measure Theory},
	author={Federer, Herbert},
	year={1996},
	publisher={Springer Verlag}
}

@Book{M60,
	title = {Spatial Variation: Stochastic Models and Their Application to Some Problems in Forst Survey and Other Sampling Investigations},
	author = {Mat\'{e}rn, Bertil},
	year = {1960},
	publisher = {Esselte}
}

@article{BT92,
	title={Approximating point process likelihoods with GLIM},
	author={Berman, Mark and Turner, T Rolf},
	journal={Applied Statistics},
	pages={31--38},
	year={1992},
	publisher={JSTOR}
}

@article{mc16,
  title={Kernel Density Estimation on a Linear Network},
  author={McSwiggan, Greg and Baddeley, Adrian and Nair, Gopalan},
  journal={Scandinavian Journal of Statistics},
  year={2016},
  publisher={Wiley Online Library}
}

@book{loader99,
  title={Local Regression and Likelihood},
  author={Loader, Clive},
  year={1999},
  publisher={Springer, New York}
}

@article{baddeley14,
  title={Multitype point process analysis of spines on the dendrite network of a neuron},
  author={Baddeley, Adrian and Jammalamadaka, Aruna and Nair, Gopalan},
  journal={Journal of the Royal Statistical Society: Series C (Applied Statistics)},
  volume={63},
  number={5},
  pages={673--694},
  year={2014},
  publisher={Wiley Online Library}
}

@article{Donnell14,
  title={Flexible regression models over river networks},
  author={O'Donnell, David and Rushworth, Alastair and Bowman, Adrian W and Marian Scott, E and Hallard, Mark},
  journal={Journal of the Royal Statistical Society: Series C (Applied Statistics)},
  volume={63},
  number={1},
  pages={47--63},
  year={2014},
  publisher={Wiley Online Library}
}

@article{som14,
  title={Spatial sampling on streams: principles for inference on aquatic networks},
  author={Som, Nicholas A and Monestiez, Pascal and  Hoef, Jay M and Zimmerman, Dale L and Peterson, Erin E},
  journal={Environmetrics},
  volume={25},
  number={5},
  pages={306--323},
  year={2014},
  publisher={Wiley Online Library}
}

@article{ver12,
  title={A moving average approach for spatial statistical models of stream networks},
  author={Ver Hoef, Jay M and Peterson, Erin E},
  journal={Journal of the American Statistical Association},
  volume={105},
  number={489},
  pages={6--18},
  year={2010},
  publisher={Taylor \& Francis}
}

@article{ver06,
  title={Spatial statistical models that use flow and stream distance},
  author={Ver Hoef, Jay M and Peterson, Erin and Theobald, David},
  journal={Environmental and Ecological Statistics},
  volume={13},
  number={4},
  pages={449--464},
  year={2006},
  publisher={Springer}
}
@article{Ott16,
  title={Bandwidth selection for kernel estimators of the spatial intensity function},
  author={Cronie, O and van Lieshout, MNM},
  journal={arXiv preprint arXiv:1611.10221},
  journal={submitted},
    year={2016}
}

@article{o06uniform,
  title={Uniform network transformation for points pattern analysis on a non-uniform network},
  author={Okabe, Atsuyuki and Satoh, Toshiaki},
  journal={Journal of Geographical Systems},
  volume={8},
  number={1},
  pages={25--37},
  year={2006},
  publisher={Springer}
}

@article{mcs16,
  title={Kernel density estimation on a linear network},
  author={McSwiggan, Greg and Baddeley, Adrian and Nair, Gopalan},
  journal={Scandinavian Journal of Statistics},
  volume={44},
  number={2},
  pages={324--345},
  year={2017},
  publisher={Wiley Online Library}
}

@article{batty08,
  title={The size, scale, and shape of cities},
  author={Batty, Michael},
  journal={science},
  volume={319},
  number={5864},
  pages={769--771},
  year={2008},
  publisher={American Association for the Advancement of Science}
}

@article{baddeley17,
  title={"Stationary" point processes are uncommon on linear networks},
  author={Baddeley, Adrian and Nair, Gopalan and Rakshit, Suman and McSwiggan, Greg},
  journal={Stat},
  volume={6},
  number={1},
  pages={68--78},
  year={2017},
  publisher={Wiley Online Library}
}

@article{RTMMNMB,
  title={Fast Kernel Smoothing of Point Patterns on a Network using Two-Dimensional Convolutions},
  author={Rakshit, S. and Tilman, M. Davis and McSwiggan, G. and Moradi, M. Mehdi and Nair, G. and and Mateu, J. and Baddeley, A.},
  journal={In preparation},
  volume={},
  pages={},
  year={2017},
  publisher={}
}

@book{D13,
	title={Statistical Analysis of Spatial and Spatio-Temporal Point Patterns},
	author={Diggle, Peter J},
	year={2013},
	publisher={CRC Press}
}


@article{baddeley05,
  title={Spatstat: an R package for analyzing spatial point patterns},
  author={Baddeley, Adrian and Turner, Rolf},
  journal={Journal of Statistical Software},
  volume={12},
  number={6},
  pages={1--42},
  year={2005}
}

@article{MRMB,
  title={Normalisation of the inhomogeneous $K$-function and pair correlation function},
  author={Moradi, M. Mehdi and Read, N and Mateu, J and Baddeley, A},
  journal={In preparation},
  volume={NA},
  pages={NA},
  year={2017},
  publisher={NA}
}

@article{MCBMR,
  title={Resampling intensity estimators: applications to Voronoi intensity estimators for linear network point patterns},
  author={Moradi, M. Mehdi and Cronie, O and Baddeley, A and Mateu, J and Rubak, E},
  journal={In preparation},
  volume={NA},
  pages={NA},
  year={2017},
  publisher={NA}
}

@article{MFJ17,
	title={On kernel-based intensity estimation of spatial point patterns on linear networks},
	author={Moradi, M. Mehdi and Rodriguez-Cortes, Francisco and Mateu, Jorge},
	year = {2017},
	journal={Journal of Computational and Graphical Statistics},
    note={doi: 10.1080/10618600.2017.1360782},
    volume={},
    pages={}
}


 @article{MMB,
	title={Spatio-temporal point processes
 on linear networks},
	author={Moradi, M. Mehdi and Mateu, Jorge and Baddeley, Adrian},
	year = {2017},
	journal={In preparation},
    note={},
    volume={},
    pages={}
}

@article{ubaldi13,
  title={Open government data: Towards empirical analysis of open government data initiatives},
  author={Ubaldi, Barbara},
  journal={OECD Working Papers on Public Governance},
  number={22},
  pages={1--60},
  year={2013},
  publisher={Organisation for Economic Cooperation and Development (OECD)},
  note={http://dx.doi.org/10.1787/5k46bj4f03s7-en}
}

@article{shirota2017,
  title={Statistical Analysis of Origin-Destination Point Patterns: Modeling Car Thefts and Recoveries},
  author={Shirota, Shinichiro and Mateu, Jorge and Gelfand, Alan E},
  journal={arXiv preprint arXiv:1701.05863},
  year={2017}
}

@article{gloaguen15,
  title={An autoregressive model to describe fishing vessel movement and activity},
  author={Gloaguen, Pierre and Mah{\'e}vas, St{\'e}phanie and Rivot, Etienne and Woillez, Mathieu and Guitton, J{\'e}r{\^o}me and Vermard, Youen and Etienne, Marie-Pierre},
  journal={Environmetrics},
  volume={26},
  number={1},
  pages={17--28},
  year={2015},
  publisher={Wiley Online Library}
}

@article{baddeley00,
  title={Non-and semi-parametric estimation of interaction in inhomogeneous point patterns},
  author={Baddeley, Adrian J and M{\o}ller, Jesper and Waagepetersen, Rasmus},
  journal={Statistica Neerlandica},
  volume={54},
  number={3},
  pages={329--350},
  year={2000},
  publisher={Wiley Online Library}
}

@article{benes17,
  title={Planar segment processes with reference mark distributions, modeling and estimation},
  author={Benes, Viktor and Vecera, Jakub and Pultar, Milan},
  journal={arXiv preprint arXiv:1701.01893},
  year={2017}
}

@article{calenge06,
  title={The package ``adehabitat'' for the R software: a tool for the analysis of space and habitat use by animals},
  author={Calenge, Cl{\'e}ment},
  journal={Ecological modelling},
  volume={197},
  number={3},
  pages={516--519},
  year={2006},
  publisher={Elsevier}
}


@Manual{trip,
    title = {trip: Tools for the Analysis of Animal Track Data},
    author = {Michael D. Sumner},
    year = {2016},
    note = {R package version 1.5.0},
    url = {https://CRAN.R-project.org/package=trip}
  }

@book{daley07,
  title={An Introduction to The theory of Point Processes: Volume II: General Theory and Structure},
  author={Daley, Daryl J and Vere-Jones, David},
  year={2007},
  publisher={Springer Science \& Business Media}
}

@article{jones93,
  title={Simple boundary correction for kernel density estimation},
  author={Jones, M Chris},
  journal={Statistics and Computing},
  volume={3},
  number={3},
  pages={135--146},
  year={1993},
  publisher={Springer}
}


@article{Ord78,
author={Ord, J.K.},
year={1978}, 
title={How many trees in a forest?},
journal={Mathematical Sciences}, 
volume={3},
pages={23--33}
}
@article{BSV10,
  title={On the {V}oronoi estimator for the intensity of an inhomogeneous planar Poisson process},
  author={Barr, Christopher D and Schoenberg, Frederic Paik},
  journal={Biometrika},
  volume={97},
  number={4},
  pages={977--984},
  year={2010},
  publisher={Biometrika Trust}
}

@article{ripley77,
  title={Modelling spatial patterns},
  author={Ripley, Brian D},
  journal={Journal of the Royal Statistical Society. Series B (Methodological)},
  pages={172--212},
  year={1977},
  publisher={JSTOR}
}

@article{sumner2009,
  title={Bayesian estimation of animal movement from archival and satellite tags},
  author={Sumner, Michael D and Wotherspoon, Simon J and Hindell, Mark A},
  journal={PLoS One},
  volume={4},
  number={10},
  pages={e7324},
  year={2009},
  publisher={Public Library of Science}
}

@Manual{argosf,
    title = {argosfilter: Argos locations filter},
    author = {Carla Freitas},
    year = {2012},
    note = {R package version 0.63},
    url = {https://CRAN.R-project.org/package=argosfilter}
  }
  
  @Manual{animalTrack,
    title = {animalTrack: Animal track reconstruction for high frequency 2-dimensional
(2D) or 3-dimensional (3D) movement data.},
    author = {Ed Farrell and Lee Fuiman},
    year = {2013},
    note = {R package version 1.0.0},
    url = {https://CRAN.R-project.org/package=animalTrack}
  }
  
  @Manual{BBMM,
    title = {BBMM: Brownian bridge movement model},
    author = {{Nielson} and R. M. and H. Sawyer and T. L. McDonald},
    year = {2013},
    note = {R package version 3.0},
    url = {https://CRAN.R-project.org/package=BBMM}
  }
  
  @Manual{bcpa,
    title = {bcpa: Behavioral change point analysis of animal movement},
    author = {Eliezer Gurarie},
    year = {2014},
    note = {R package version 1.1},
    url = {https://CRAN.R-project.org/package=bcpa}
  }
  
  @Manual{smam,
    title = {smam: Statistical Modeling of Animal Movements},
    author = {Jun Yan and Vladimir Pozdnyakov},
    year = {2016},
    note = {R package version 0.3-0},
    url = {https://CRAN.R-project.org/package=smam}
  }
  
  @Manual{BayesianAnimalTracker,
    title = {BayesianAnimalTracker: Bayesian Melding of GPS and DR Path for Animal Tracking},
    author = {Yang (Seagle) Liu},
    year = {2014},
    note = {R package version 1.2},
    url = {https://CRAN.R-project.org/package=BayesianAnimalTracker}
  }
  
  @Manual{TrackReconstruction,
    title = {TrackReconstruction: Reconstruct animal tracks from magnetometer, accelerometer,
depth and optional speed data.},
    author = {Brian Battaile},
    year = {2014},
    note = {R package version 1.1},
    url = {https://CRAN.R-project.org/package=TrackReconstruction}
  }
  
  @Manual{mkde,
    title = {mkde: 2D and 3D movement-based kernel density estimates (MKDEs).},
    author = {Jeff A. Tracey and James Sheppard and Jun Zhu and Robert Sinkovts and Amit Chourasia and Glenn Lockwood and Robert N. Fisher},
    year = {2014},
    note = {R package version 0.1},
    url = {https://CRAN.R-project.org/package=mkde}
  }
  
  @Article{moveHMM,
    title = {moveHMM: an R package for the statistical modelling of animal movement data using hidden Markov models},
    author = {Theo Michelot and Roland Langrock and Toby A. Patterson},
    journal = {Methods in Ecology and Evolution},
    year = {2016},
    volume = {7},
    number = {11},
    pages = {1308-1315}
  }
  
  @Article{V-Track,
    title = {V-Track: software for analysing and visualising animal movement from acoustic telemetry detections},
    journal = {Marine and Freshwater Research},
    volume = {63},
    pages = {1635},
    year = {2012},
    author = {Hamish A. Campbell and Matt E. Watts and Ross G. Dwyer and Craig E. Franklin}
  }
  
  @Manual{SimilarityMeasures,
    title = {SimilarityMeasures: Trajectory Similarity Measures},
    author = {Kevin Toohey},
    year = {2015},
    note = {R package version 1.4},
    url = {https://CRAN.R-project.org/package=SimilarityMeasures}
  }
  
  @article{FLightR,
  title={FLightR: an R package for reconstructing animal paths from solar geolocation loggers},
  author={Rakhimberdiev, Eldar and Saveliev, Anatoly and Piersma, Theunis and Karagicheva, Julia},
  journal={Methods in Ecology and Evolution},
  year={2017},
  publisher={Wiley Online Library}
}

@article{hanks15,
  title={Continuous-time discrete-space models for animal movement},
  author={Hanks, Ephraim M and Hooten, Mevin B and Alldredge, Mat W and others},
  journal={The Annals of Applied Statistics},
  volume={9},
  number={1},
  pages={145--165},
  year={2015},
  publisher={Institute of Mathematical Statistics}
}

@article{hooten17,
  title={Basis function models for animal movement},
  author={Hooten, Mevin B and Johnson, Devin S},
  journal={Journal of the American Statistical Association},
  volume={112},
  number={518},
  pages={578--589},
  year={2017},
  publisher={Taylor \& Francis}
}

@article{russell16,
  title={Dynamic models of animal movement with spatial point process interactions},
  author={Russell, James C and Hanks, Ephraim M and Haran, Murali},
  journal={Journal of Agricultural, Biological, and Environmental Statistics},
  volume={21},
  number={1},
  pages={22--40},
  year={2016},
  publisher={Springer}
}

@Article{fishmove,
    title = {Patterns and predictors of fish dispersal in rivers},
    author = {J. Radinger and C. Wolter},
    journal = {Fish and Fisheries},
    year = {2014},
    url = {http://dx.doi.org/10.1111/faf.12028},
    note = {R package 'fishmove', version  0.3-3}
  }
  
  @article{spacetime,
  title={spacetime: Spatio-Temporal data in R},
  author={Pebesma, Edzer.},
  journal={Journal of Statistical Software},
  volume={51},
  number={7},
  pages={1--30},
  year={2012}
}

@inproceedings{yuan11,
  title={Driving with knowledge from the physical world},
  author={Yuan, Jing and Zheng, Yu and Xie, Xing and Sun, Guangzhong},
  booktitle={Proceedings of the 17th ACM SIGKDD international conference on Knowledge discovery and data mining},
  pages={316--324},
  year={2011},
  organization={ACM}
}

@inproceedings{yuan10,
  title={T-drive: driving directions based on taxi trajectories},
  author={Yuan, Jing and Zheng, Yu and Zhang, Chengyang and Xie, Wenlei and Xie, Xing and Sun, Guangzhong and Huang, Yan},
  booktitle={Proceedings of the 18th SIGSPATIAL International conference on advances in geographic information systems},
  pages={99--108},
  year={2010},
  organization={ACM}
}


@article{frick,
   author = {Hannah Frick and Ioannis Kosmidis},
   title = {trackeR: Infrastructure for Running and Cycling Data from GPS-Enabled Tracking Devices in R},
   journal = {Journal of Statistical Software, Articles},
   volume = {82},
   number = {7},
   year = {2017},
   keywords = {sports; tracking; work capacity; running; cycling; distribution profiles},
   issn = {1548-7660},
   pages = {1--29},
   doi = {10.18637/jss.v082.i07},
   url = {https://www.jstatsoft.org/v082/i07}
}


@article{gabriel2014,
  title={Estimating second-order characteristics of inhomogeneous spatio-temporal point processes},
  author={Gabriel, Edith},
  journal={Methodology and Computing in Applied Probability},
  volume={16},
  number={2},
  pages={411--431},
  year={2014},
  publisher={Springer}
}

@article{niu2016modeling,
  title={Modeling interdependent animal movement in continuous time},
  author={Niu, Mu and Blackwell, Paul G and Skarin, Anna},
  journal={Biometrics},
  volume={72},
  number={2},
  pages={315--324},
  year={2016},
  publisher={Wiley Online Library}
}